@article{goetz2020covid,
  title={COVID-19 Disease Dynamics in Germany: First Models and Parameter Identification},
  author={Goetz, Thomas and Heidrich, Peter},
  journal={medRxiv},
  year={2020},
  publisher={Cold Spring Harbor Laboratory Press}
}

@article{wieland2020flatten,
  title={Flatten the Curve! Modeling SARS-CoV-2/COVID-19 Growth in Germany on the County Level},
  author={Wieland, Thomas},
  journal={medRxiv},
  year={2020},
  publisher={Cold Spring Harbor Laboratory Press}
}

@article{kergassner2020meso,
  title={Meso-scale modeling of COVID-19 spatio-temporal outbreak dynamics in Germany},
  author={Kergassner, Andreas and Burkhardt, Christian and Lippold, Dorothee and Nistler, Sarah and Kergassner, Matthias and Steinmann, Paul and Budday, Dominik and Budday, Silvia},
  journal={medRxiv},
  year={2020},
  publisher={Cold Spring Harbor Laboratory Press}
}

@misc{OMS,
key = {OMS},
title={{World healt Organization}, {Timeline: WHO's COVID-19 response}},
howpublished = {\url{https://www.who.int/emergencies/diseases/novel-coronavirus-2019/interactive-timeline}},
note = {Acessado em: 06-07-2020}
}

@misc{RKI, 
key = {Institute Robert Koch},
title={{Institute Robert Koch}, {Daily Situation Report}},
howpublisehd = {\url{https://www.rki.de/DE/Content/InfAZ/N/Neuartiges_Coronavirus/Situationsberichte/Gesamt.html}},
note = {Acessado em: 06-07-2020}
}

@misc{LMFIT, 
key = {lmfit},
title={Non-Linear Least-Squares Minimization and Curve-Fitting for Python},
howpublisehd = {\url{https://lmfit.github.io/lmfit-py/}},
note = {Acessado em: 04-12-2020}
}

@misc{RKI2, 
key = {Institute Robert Koch},
title={{Institute Robert-Koch}, {Epidemiologischer Steckbrief zu SARS-CoV-2 und COVID-19}},
howpublisehd = {\url{https://www.rki.de/DE/Content/InfAZ/N/Neuartiges_Coronavirus/Steckbrief.html;jsessionid=F940B4295F002D69455D1F991444F817.internet122#doc13776792bodyText10}},
note = {Acessado em: 04-12-2020}
}



@misc{bbc06.05, 
author={BBC},
title={Coronavirus: Germany reopens shops as lockdown is relaxed},
howpublished = {\url{https://www.bbc.com/news/world-europe-52557718}},
note = {Acessado em: 07-09-2020}
}

@misc{tg06.05,
key = {The Guardian},
title={
{The Guardian}, {Germany opens some shops as Merkel warns of second wave of coronavirus}},
howpublished = {\url{https://www.theguardian.com/world/2020/apr/20/german-shops-open-angela-merkel-warns-second-wave-coronavirus}},
note = {Acessado em: 07-09-2020}
}

@misc{2lock1, 
key = {The Guardian},
title={
{The Guardian}, {Merkel heckled by German MPs as she defends second 'soft' Covid lockdown}}, 

howpublished = {\url{https://www.theguardian.com/world/2020/oct/29/merkel-heckled-by-german-mps-as-she-defends-second-soft-covid-lockdown}},
note = {Acessado em: 26-11-2020}
}

@misc{2lock2, 
key = {The Guardian},
title={
{The Guardian}, {Germany to impose tighter Covid rules after highest daily death rate}}, 

howpublished = {\url{https://www.theguardian.com/world/2020/nov/25/germany-to-decide-next-round-of-covid-restrictions}},
note = {Acessado em: 26-11-2020}
}

@misc{dw, 
author={DW},
title={
Coronavirus: Germany to lift travel ban for 29 European countries on June 15},
howpublished  ={\url{dw.com/en/coronavirus-germany-to-lift-travel-ban-for-29-european-countries-on-june-15/a-53667506}},
note = {Acessado em: 07-09-2020}
}

@misc{sgvi, 
author={schengenvisainfo},
title={
Germany Lifts Entry Ban for Travellers from 11 Third-Countries â€“ Leaves Out Algeria, Morocco, Rwanda & Serbia},
howpublished = {\url{https://www.schengenvisainfo.com/news/germany-lifts-entry-ban-for-travellers-from-11-third-countries-leaves-out-algeria-morocco-rwanda-serbia/}},
note = {Acessado em: 07-09-2020}
}

@misc{fortuneschool, 
author={Fortune},
title={
Masks, small classes, and outdoor lessons: How 5 countries in Europe are reopening schools},
howpublished = {\url{https://fortune.com/2020/08/10/covid-schools-reopening-class-children-coronavirus/}},
note = {Acessado em: 07-09-2020}
}

@misc{liuunderstanding,
  title={Understanding unreported cases in the 2019-nCov epidemic outbreak in Wuhan, China, and the importance of major public health interventions, Biology 9 (3)(2020), 50},
  author={Liu, Z and Magal, P and Seydi, O and Webb, G}
}

@article{liu2020predicting,
  title={Predicting the number of reported and unreported cases for the COVID-19 epidemics in China, South Korea, Italy, France, Germany and United Kingdom},
  author={Liu, Zhihua and Webb, Glenn F and others},
  journal={medRxiv},
  year={2020},
  publisher={Cold Spring Harbor Laboratory Press}
}

@article{liu2020covid,
  title={A COVID-19 epidemic model with latency period},
  author={Liu, Zhihua and Magal, Pierre and Seydi, Ousmane and Webb, Glenn},
  journal={Infectious Disease Modelling},
  volume={5},
  pages={323--337},
  year={2020},
  publisher={Elsevier}
}

@article{he2020temporal,
  title={Temporal dynamics in viral shedding and transmissibility of COVID-19},
  author={He, Xi and Lau, Eric HY and Wu, Peng and Deng, Xilong and Wang, Jian and Hao, Xinxin and Lau, Yiu Chung and Wong, Jessica Y and Guan, Yujuan and Tan, Xinghua and others},
  journal={Nature medicine},
  volume={26},
  number={5},
  pages={672--675},
  year={2020},
  publisher={Nature Publishing Group}
}

@article{van2002reproduction,
  title={Reproduction numbers and sub-threshold endemic equilibria for compartmental models of disease transmission},
  author={Van den Driessche, Pauline and Watmough, James},
  journal={Mathematical biosciences},
  volume={180},
  number={1-2},
  pages={29--48},
  year={2002},
  publisher={Elsevier}
}

@article{randolph2020herd,
  title={Herd Immunity: Understanding COVID-19},
  author={Randolph, Haley E and Barreiro, Luis B},
  journal={Immunity},
  volume={52},
  number={5},
  pages={737--741},
  year={2020},
  publisher={Elsevier}
}

@article{saltelli2010variance,
  title={Variance based sensitivity analysis of model output. Design and estimator for the total sensitivity index},
  author={Saltelli, Andrea and Annoni, Paola and Azzini, Ivano and Campolongo, Francesca and Ratto, Marco and Tarantola, Stefano},
  journal={Computer physics communications},
  volume={181},
  number={2},
  pages={259--270},
  year={2010},
  publisher={Elsevier}
}

@book{keeling2011modeling,
  title={Modeling infectious diseases in humans and animals},
  author={Keeling, Matt J and Rohani, Pejman},
  year={2011},
  publisher={Princeton University Press}
}

@article{barbarossa2020modeling,
  title={Modeling the spread of COVID-19 in Germany: Early assessment and possible scenarios},
  author={Barbarossa, Maria Vittoria and Fuhrmann, Jan and Meinke, Jan H and Krieg, Stefan and Varma, Hridya Vinod and Castelletti, Noemi and Lippert, Thomas},
  journal={Plos one},
  volume={15},
  number={9},
  pages={e0238559},
  year={2020},
  publisher={Public Library of Science San Francisco, CA USA}
}

@article{chowell2017fitting,
  title={Fitting dynamic models to epidemic outbreaks with quantified uncertainty: A primer for parameter uncertainty, identifiability, and forecasts},
  author={Chowell, Gerardo},
  journal={Infectious Disease Modelling},
  volume={2},
  number={3},
  pages={379--398},
  year={2017},
  publisher={Elsevier}
}

@article{li2020early,
  title={Early transmission dynamics in Wuhan, China, of novel coronavirus--infected pneumonia},
  author={Li, Qun and Guan, Xuhua and Wu, Peng and Wang, Xiaoye and Zhou, Lei and Tong, Yeqing and Ren, Ruiqi and Leung, Kathy SM and Lau, Eric HY and Wong, Jessica Y and others},
  journal={New England Journal of Medicine},
  year={2020},
  publisher={Mass Medical Soc}
}