@article{goetz2020covid,
  title={COVID-19 Disease Dynamics in Germany: First Models and Parameter Identification},
  author={Goetz, Thomas and Heidrich, Peter},
  journal={medRxiv},
  year={2020},
  publisher={Cold Spring Harbor Laboratory Press}
}

@article{wieland2020flatten,
  title={Flatten the Curve! Modeling SARS-CoV-2/COVID-19 Growth in Germany on the County Level},
  author={Wieland, Thomas},
  journal={medRxiv},
  year={2020},
  publisher={Cold Spring Harbor Laboratory Press}
}

@article{kergassner2020meso,
  title={Meso-scale modeling of COVID-19 spatio-temporal outbreak dynamics in Germany},
  author={Kergassner, Andreas and Burkhardt, Christian and Lippold, Dorothee and Nistler, Sarah and Kergassner, Matthias and Steinmann, Paul and Budday, Dominik and Budday, Silvia},
  journal={medRxiv},
  year={2020},
  publisher={Cold Spring Harbor Laboratory Press}
}

@misc{OMS, 
title={{World healt Organization}, {Timeline: WHO's COVID-19 response}},
howpublished = {\url{https://www.who.int/emergencies/diseases/novel-coronavirus-2019/interactive-timeline}},
note = {Acessado em: 06-07-2020}
}

@misc{RKI, 
title={{Institute Robert-Koch}, {Daily Situation Report}},
howpublisehd = {\url{https://www.rki.de/DE/Content/InfAZ/N/Neuartiges_Coronavirus/Situationsberichte/Gesamt.html}},
note = {Acessado em: 06-07-2020}
}

@misc{bbc06.05, 
author={BBC},
title={Coronavirus: Germany reopens shops as lockdown is relaxed},
howpublished = {\url{https://www.bbc.com/news/world-europe-52557718}},
note = {Acessado em: 07-09-2020}
}

@misc{tg06.05, 
title={
{The Guardian}, {Germany opens some shops as Merkel warns of second wave of coronavirus}},
howpublished = {\url{https://www.theguardian.com/world/2020/apr/20/german-shops-open-angela-merkel-warns-second-wave-coronavirus}},
note = {Acessado em: 07-09-2020}
}

@misc{dw, 
author={DW},
title={
Coronavirus: Germany to lift travel ban for 29 European countries on June 15},
howpublished  ={\url{dw.com/en/coronavirus-germany-to-lift-travel-ban-for-29-european-countries-on-june-15/a-53667506}},
note = {Acessado em: 07-09-2020}
}

@misc{sgvi, 
author={schengenvisainfo},
title={
Germany Lifts Entry Ban for Travellers from 11 Third-Countries â€“ Leaves Out Algeria, Morocco, Rwanda & Serbia},
howpublished = {\url{https://www.schengenvisainfo.com/news/germany-lifts-entry-ban-for-travellers-from-11-third-countries-leaves-out-algeria-morocco-rwanda-serbia/}},
note = {Acessado em: 07-09-2020}
}

@misc{fortuneschool, 
author={Fortune},
title={
Masks, small classes, and outdoor lessons: How 5 countries in Europe are reopening schools},
howpublished = {\url{https://fortune.com/2020/08/10/covid-schools-reopening-class-children-coronavirus/}},
note = {Acessado em: 07-09-2020}
}

@misc{liuunderstanding,
  title={Understanding unreported cases in the 2019-nCov epidemic outbreak in Wuhan, China, and the importance of major public health interventions, Biology 9 (3)(2020), 50},
  author={Liu, Z and Magal, P and Seydi, O and Webb, G}
}

@article{liu2020predicting,
  title={Predicting the number of reported and unreported cases for the COVID-19 epidemics in China, South Korea, Italy, France, Germany and United Kingdom},
  author={Liu, Zhihua and Webb, Glenn F and others},
  journal={medRxiv},
  year={2020},
  publisher={Cold Spring Harbor Laboratory Press}
}

@article{liu2020covid,
  title={A COVID-19 epidemic model with latency period},
  author={Liu, Zhihua and Magal, Pierre and Seydi, Ousmane and Webb, Glenn},
  journal={Infectious Disease Modelling},
  volume={5},
  pages={323--337},
  year={2020},
  publisher={Elsevier}
}

@article{he2020temporal,
  title={Temporal dynamics in viral shedding and transmissibility of COVID-19},
  author={He, Xi and Lau, Eric HY and Wu, Peng and Deng, Xilong and Wang, Jian and Hao, Xinxin and Lau, Yiu Chung and Wong, Jessica Y and Guan, Yujuan and Tan, Xinghua and others},
  journal={Nature medicine},
  volume={26},
  number={5},
  pages={672--675},
  year={2020},
  publisher={Nature Publishing Group}
}